<?xml version="1.0" encoding="UTF-8"?><collection xmlns="http://www.loc.gov/MARC21/slim"><record><leader>00638nam--2200193-i-4500</leader><controlfield tag="001">000022997</controlfield><controlfield tag="002">20161230</controlfield><controlfield tag="005">20161230201034</controlfield><controlfield tag="008">060222s1000------------r-----000-0-fre-d</controlfield><datafield ind1=" " ind2=" " tag="040"><subfield code="a">IFIN-HH</subfield></datafield><datafield ind1=" " ind2=" " tag="041"><subfield code="a">fre</subfield></datafield><datafield ind1=" " ind2=" " tag="080"><subfield code="a">539.2:541.1-16</subfield></datafield><datafield ind1="1" ind2=" " tag="100"><subfield code="a">Suchet, J.P</subfield></datafield><datafield ind1="1" ind2="0" tag="245"><subfield code="a">Influence des changements de phase sur les proprietes physiques de corps solids</subfield><subfield code="b">Textes reunis et edites par j.p.suchet. preface de paul lacombe</subfield><subfield code="c">J.p. suchet</subfield></datafield><datafield ind1=" " ind2=" " tag="260"><subfield code="a">Paris</subfield><subfield code="b">Masson Et C-ie, Editeurs</subfield><subfield code="c">1970</subfield></datafield><datafield ind1=" " ind2=" " tag="300"><subfield code="a">194P</subfield></datafield><datafield ind1=" " ind2=" " tag="490"><subfield code="a">Seminaires De Chimie De L`Etat Solide 1968-1969</subfield><subfield code="v">No.3</subfield></datafield><datafield ind1=" " ind2=" " tag="852"><subfield code="a">31499</subfield><subfield code="c">539.2</subfield></datafield><datafield ind1=" " ind2=" " tag="CAT"><subfield code="a">Sys</subfield><subfield code="c">20121016</subfield><subfield code="h">141637</subfield></datafield></record></collection>